@book{saleh1991,
	author = {Saleh, Bahaa E. A. and Teich, Malvin Carl},
	title = {Fundamentals of photonics},
	publisher = {John Wiley & Sons},
	year = {1991},
	series = {Wiley series in pure and applied optics},
	address = {New York (NY)}
}

