@book{loudon2000,
  Author = {Rodney Loudon},
  Title = {The Quantum Theory of Light},
  Publisher = {Oxford University Press},
  Year = {2000}
}


@book{fox2006,
  Author = {Mark Fox},
  Title = {Quantum Optics: An Introduction},
  Publisher = {Oxford University Press},
  Year = {2006}
}


@book{hans2004,
  Author = {Hans-A. Bachor and Timothy C. Ralph},
  Title = {A Guide to Experiments in Quantum Optics},
  Publisher = {Wiley-VCH},
  Year = {2004}
}


@article{chi2011balanced,
  title={A balanced homodyne detector for high-rate Gaussian-modulated coherent-state quantum key distribution},
  author={Chi, Yue-Meng and Qi, Bing and Zhu, Wen and Qian, Li and Lo, Hoi-Kwong and Youn, Sun-Hyun and Lvovsky, AI and Tian, Liang},
  journal={New Journal of Physics},
  volume={13},
  number={1},
  pages={013003},
  year={2011},
  publisher={IOP Publishing}
}


@article{shapiro1985quantum,
  title={Quantum noise and excess noise in optical homodyne and heterodyne receivers},
  author={Shapiro, J},
  journal={IEEE journal of quantum electronics},
  volume={21},
  number={3},
  pages={237--250},
  year={1985},
  publisher={IEEE}
}


@manual{pdb450Cmanual,
author = {Thorlabs},
title = {Balance Amplified Photodetectors PDB4xx Series Operation Manual},
date = {2014-11-20},
language = {English},
version = {},
organization = {Thorlabs},
pagetotal = {42},
pubstate = {},
}
